@article{Kalvelagen20031713,
title = "On solving the progressive party problem as a \{MIP\} ",
journal = "Computers \& Operations Research ",
volume = "30",
number = "11",
pages = "1713 - 1726",
year = "2003",
author = "Erwin Kalvelagen",
}

@Article{Smith1996,
author="Smith, Barbara M.
and Brailsford, Sally C.
and Hubbard, Peter M.
and Williams, H. Paul",
title="The progressive party problem: Integer linear programming and constraint programming compared",
journal="Constraints",
year="1996",
volume="1",
number="1",
pages="119--138",
}

@book{Glover:1997:TS:549765,
 author = {Glover, Fred and Laguna, Manuel},
 title = {Tabu Search},
 year = {1997},
 isbn = {079239965X},
 publisher = {Kluwer Academic Publishers},
 address = {Norwell, MA, USA},
} 


@article {Kirkpatrick671,
	author = {Kirkpatrick, S. and Gelatt, C. D. and Vecchi, M. P.},
	title = {Optimization by Simulated Annealing},
	volume = {220},
	number = {4598},
	pages = {671--680},
	year = {1983},
	doi = {10.1126/science.220.4598.671},
	publisher = {American Association for the Advancement of Science},
	issn = {0036-8075},
	URL = {http://science.sciencemag.org/content/220/4598/671},
	eprint = {http://science.sciencemag.org/content/220/4598/671.full.pdf},
	journal = {Science}
}

@Article{Walser:1997:SLP:1867406.1867448,
 author = {Walser, Joachim P.},
 title = {Solving Linear pseudo-Boolean Constraint Problems with Local Search},
 journal = {Proceedings of the Fourteenth National Conference on Artificial Intelligence and Ninth Conference on Innovative Applications of Artificial Intelligence},
 year = {1997},
 pages = {269--274}
} 

@article{Hooker1999395,
author = "J.N. Hooker and M.A. Osorio",
title = "Mixed logical-linear programming ",
journal = "Discrete Applied Mathematics ",
volume = "96–97",
number = "",
pages = "395 - 442",
year = "1999",
}

@Article{Galinier1999, 
author="Galinier, Philippe
and Hao, Jin-Kao",
title="Solving the Progressive Party Problem by Local Search",
journal="Meta-Heuristics: Advances and Trends in Local Search Paradigms for Optimization",
year="1999",
pages="443--456"
}

@Article{CHIP1997, 
author=" N. Beldiceanu, E. Bourreau, P. Chan and D. Rivreau",
title="Partial Search Strategy in CHIP",
journal="presented at MIC’97",
year="1997",
pages="1--8"
}

@Article{Michel2006,
author={"Michel, Laurent
and See, Andrew
and Van Hentenryck, Pascal"},
title={"Distributed Constraint-Based Local Search"},
journal={"Principles and Practice of Constraint Programming - CP 2006: 12th International Conference, CP 2006, Nantes, France, September 25-29},
year={"2006"},
pages="344--358",
}

@article{Brailsford:1996:OSE:241748.241755,
 author = {Brailsford, S. C. and Hubbard, P. M. and Smith, B. M. and Williams, H. P.},
 title = {Organizing a Social Event\&Mdash;a Difficult Problem of Combinatorial Optimization},
 journal = {Comput. Oper. Res.},
 volume = {23},
 number = {9},
 year = {1996},
 pages = {845--856},
} 

